<?xml version="1.0" encoding="UTF-8"?><record xmlns="http://www.loc.gov/MARC21/slim" xmlns:cinclude="http://apache.org/cocoon/include/1.0" xmlns:zs="http://www.loc.gov/zing/srw/">
  <leader>00668cz  a2200169n  4500</leader>
  <controlfield tag="001">no 91012577 </controlfield>
  <controlfield tag="003">DLC</controlfield>
  <controlfield tag="005">20000715065620.0</controlfield>
  <controlfield tag="008">910515n| acannaabn          |a aaa     c</controlfield>
  <datafield tag="010" ind1=" " ind2=" ">
    <subfield code="a">no 91012577 </subfield>
  </datafield>
  <datafield tag="035" ind1=" " ind2=" ">
    <subfield code="a">(OCoLC)oca02952505</subfield>
  </datafield>
  <datafield tag="040" ind1=" " ind2=" ">
    <subfield code="a">PPiU</subfield>
    <subfield code="b">eng</subfield>
    <subfield code="c">PPiU</subfield>
    <subfield code="d">OCoLC</subfield>
  </datafield>
  <datafield tag="100" ind1="1" ind2=" ">
    <subfield code="a">Amaral, Antônio Gurgel do</subfield>
  </datafield>
  <datafield tag="400" ind1="1" ind2=" ">
    <subfield code="a">Gurgel do Amaral, Antônio</subfield>
  </datafield>
  <datafield tag="400" ind1="1" ind2=" ">
    <subfield code="a">Do Amaral, Antônio Gurgel</subfield>
  </datafield>
  <datafield tag="670" ind1=" " ind2=" ">
    <subfield code="a">Luna, L. Lampião e seus cabras, 1972:</subfield>
    <subfield code="b">p. 3 (Antônio Gurgel do Amaral) p. 145 (prisoner of Brazilian bandit "Lampião" from June 12-25, 1927)</subfield>
  </datafield>
  <datafield tag="675" ind1=" " ind2=" ">
    <subfield code="a">Diccionario Histórico-Biográfico Brasileiro, 1930-1983, 1984;</subfield>
    <subfield code="a">Historical dictionary of Brazil, 1979</subfield>
  </datafield>
</record>